@book{boyd2004convex,
  title={Convex optimization},
  author={Boyd, S. and Vandenberghe, L.},
  year={2004},
  publisher={Cambridge university press}
}
